<record><leader>00000cas a22000007a 4500</leader><controlfield tag="001">37130582</controlfield><controlfield tag="008">970616d188u1890sduwr ne      0    0eng d</controlfield><datafield ind1=" " ind2=" " tag="010"><subfield code="a">sn 97065793 </subfield></datafield><datafield ind1=" " ind2=" " tag="040"><subfield code="a">SXN</subfield><subfield code="b">eng</subfield><subfield code="c">SXN</subfield><subfield code="d">OCLCQ</subfield><subfield code="d">OCLCF</subfield><subfield code="d">OCLCO</subfield></datafield><datafield ind1="1" ind2=" " tag="029"><subfield code="a">AU@</subfield><subfield code="b">000013335536</subfield></datafield><datafield ind1=" " ind2=" " tag="042"><subfield code="a">msc</subfield></datafield><datafield ind1=" " ind2=" " tag="043"><subfield code="a">n-us-sd</subfield></datafield><datafield ind1="0" ind2="4" tag="245"><subfield code="a">The Pierre weekly signal.</subfield></datafield><datafield ind1="1" ind2=" " tag="246"><subfield code="i">Issues for Oct. 11-18, 1889 published as:</subfield><subfield code="a">Pierre signal</subfield></datafield><datafield ind1=" " ind2=" " tag="260"><subfield code="a">Pierre, S.D. :</subfield><subfield code="b">Hial P. Robie</subfield></datafield><datafield ind1=" " ind2=" " tag="300"><subfield code="a">v.</subfield></datafield><datafield ind1=" " ind2=" " tag="310"><subfield code="a">Weekly,</subfield><subfield code="b">Oct. 25, 1889-1890</subfield></datafield><datafield ind1=" " ind2=" " tag="321"><subfield code="a">Weekly,</subfield><subfield code="b">June 7-Oct. 4, 1889</subfield></datafield><datafield ind1=" " ind2=" " tag="321"><subfield code="a">Semiweekly,</subfield><subfield code="b">Oct. 11-18, 1889</subfield></datafield><datafield ind1="0" ind2=" " tag="362"><subfield code="a">-v. 10, no. 32 (Jan. 10, 1890).</subfield></datafield><datafield ind1=" " ind2=" " tag="530"><subfield code="a">Available on microfilm from: State Archives, South Dakota State Historical Society.</subfield></datafield><datafield ind1=" " ind2=" " tag="588"><subfield code="a">Description based on: Vol. 9, no. 51 (June 7, 1889).</subfield></datafield><datafield ind1=" " ind2="0" tag="651"><subfield code="a">Pierre (S.D.)</subfield><subfield code="v">Newspapers.</subfield></datafield><datafield ind1=" " ind2="0" tag="651"><subfield code="a">Hughes County (S.D.)</subfield><subfield code="v">Newspapers.</subfield></datafield><datafield ind1=" " ind2="7" tag="655"><subfield code="a">Newspapers.</subfield><subfield code="2">fast</subfield><subfield code="0">(OCoLC)fst01423814</subfield></datafield><datafield ind1=" " ind2="7" tag="651"><subfield code="a">South Dakota</subfield><subfield code="z">Hughes County.</subfield><subfield code="2">fast</subfield><subfield code="0">(OCoLC)fst01207647</subfield></datafield><datafield ind1=" " ind2="7" tag="651"><subfield code="a">South Dakota</subfield><subfield code="z">Pierre.</subfield><subfield code="2">fast</subfield><subfield code="0">(OCoLC)fst01209256</subfield></datafield><datafield ind1=" " ind2=" " tag="752"><subfield code="a">United States</subfield><subfield code="b">South Dakota</subfield><subfield code="c">Hughes</subfield><subfield code="d">Pierre.</subfield></datafield><datafield ind1="0" ind2="0" tag="785"><subfield code="t">Pierre signal</subfield><subfield code="w">(DLC)sn 97065794</subfield></datafield></record>